/home/thibault/Documents/references.bib